@article{mikolov2013word2vec,
  title   = {Efficient Estimation of Word Representations in Vector Space},
  author  = {Mikolov, Tomas and Chen, Kai and Corrado, Greg and Dean, Jeffrey},
  journal = {arXiv preprint arXiv:1301.3781},
  year    = {2013}
}

@inproceedings{radford2021clip,
  title     = {Learning Transferable Visual Models From Natural Language Supervision},
  author    = {Radford, Alec and Kim, Jong Wook and Hallacy, Chris and Ramesh, Aditya and Goh, Gabriel and Agarwal, Sandhini and Sastry, Girish and Askell, Amanda and Mishkin, Pamela and Clark, Jack and Krueger, Gretchen and Sutskever, Ilya},
  booktitle = {Proceedings of the International Conference on Machine Learning (ICML)},
  year      = {2021},
  eprint    = {2103.00020}
}

@article{tononi2004consciousness,
  title   = {An Information Integration Theory of Consciousness},
  author  = {Tononi, Giulio},
  journal = {BMC Neuroscience},
  year    = {2004}
}

@book{baars1997theater,
  title     = {In the Theater of Consciousness: The Workspace of the Mind},
  author    = {Baars, Bernard J.},
  publisher = {Oxford University Press},
  year      = {1997}
}

@article{schmidhuber2015deep,
  title   = {Deep Learning in Neural Networks: An Overview},
  author  = {Schmidhuber, JÃ¼rgen},
  journal = {Neural Networks},
  volume  = {61},
  pages   = {85--117},
  year    = {2015}
}
